% This file is a part of `gbt7714-bibtex-style`.
% I have made some modifications.
% https://github.com/zepinglee/gbt7714-bibtex-style/blob/master/test/test.bib

@book{ryder1996quantum,
  title={Quantum field theory},
  author={Ryder, Lewis H},
  year={1996},
  publisher={Cambridge university press}
}


